
@book{noauthor_communication_2013,
	title = {Communication in the Real World},
	publisher = {Saylor Academy},
	urldate = {2020-11-10},
	date = {2013},
}

@book{noauthor_business_nodate,
	title = {Business Communication for Success},
	publisher = {Saylor Academy},
	urldate = {2020-11-10},
}

@book{noauthor_college_nodate,
	title = {College Success},
	publisher = {Saylor Academy},
	urldate = {2020-11-10},
}

@online{hellwig_julayne_2020,
	title = {Julayne Kilcullen Post {ID} 43614390 Response},
	url = {https://ccco.desire2learn.com/d2l/common/popup/popup.d2l?ou=2828527&queryString=ou%3D2828527%26postId%3D43754686%26topicId%3D2201291%26isPopup%3D1%26actId%3D0%26viewIsPoppedOut%3DTrue&footerMsg=&buttonOffset=0&popBodySrc=/d2l/lms/discussions/messageLists/message_preview.d2l&width=900&height=855&hasStatusBar=false&hasAutoScroll=true&hasHiddenHeader=false&p=d2l_cntl_9c80b050ff1c4581931599cb73e1138c_1},
	titleaddon = {Module 5 Discussion 1: Video Scavenger Hunt},
	type = {Academic},
	author = {Hellwig, Ashton},
	urldate = {2020-12-08},
	date = {2020-12-07},
}

@online{hellwig_cherylee_2020,
	title = {Cherylee Parker on Post {ID} 43279232 Response},
	url = {https://ccco.desire2learn.com/d2l/common/popup/popup.d2l?ou=2828527&queryString=ou%3D2828527%26postId%3D43342352%26topicId%3D2201285%26isPopup%3D1%26actId%3D0%26viewIsPoppedOut%3DTrue&footerMsg=&buttonOffset=0&popBodySrc=/d2l/lms/discussions/messageLists/message_preview.d2l&width=900&height=855&hasStatusBar=false&hasAutoScroll=true&hasHiddenHeader=false&p=d2l_cntl_035abd1998444cd6a672d18b67f3fef3_1},
	titleaddon = {Module 2 Discussion 1: Fight or Flight},
	type = {Academic},
	author = {Hellwig, Ashton},
	urldate = {2020-12-08},
	date = {2020-11-12},
}

@online{hellwig_kristyna_2020,
	title = {Kristyna Sekera Post {ID} 43560713 Response},
	url = {https://ccco.desire2learn.com/d2l/common/popup/popup.d2l?ou=2828527&queryString=ou%3D2828527%26postId%3D43593297%26topicId%3D2201290%26isPopup%3D1%26actId%3D0%26viewIsPoppedOut%3DTrue&footerMsg=&buttonOffset=0&popBodySrc=/d2l/lms/discussions/messageLists/message_preview.d2l&width=900&height=855&hasStatusBar=false&hasAutoScroll=true&hasHiddenHeader=false&p=d2l_cntl_558d7d0ea03a418fa70f8bd0cd163548_1},
	titleaddon = {Module 5 Discussion 1: Video Scavenger Hunt},
	type = {Academic},
	author = {Hellwig, Ashton},
	urldate = {2020-12-08},
	date = {2020-11-28},
}

@online{hellwig_diata_2020,
	title = {Diata Hart Post {ID} 43614421 Response},
	url = {https://ccco.desire2learn.com/d2l/common/popup/popup.d2l?ou=2828527&queryString=ou%3D2828527%26postId%3D43753586%26topicId%3D2201292%26isPopup%3D1%26actId%3D0%26viewIsPoppedOut%3DTrue&footerMsg=&buttonOffset=0&popBodySrc=/d2l/lms/discussions/messageLists/message_preview.d2l&width=900&height=855&hasStatusBar=false&hasAutoScroll=true&hasHiddenHeader=false&p=d2l_cntl_66cd78fe9b2841a58beaeb18718c0301_1},
	titleaddon = {Module 5 Discussion 2},
	type = {Academic},
	author = {Hellwig, Ashton},
	urldate = {2020-12-08},
	date = {2020-12-07},
}

@online{hellwig_m5d2_2020,
	title = {M5D2 Initial Post},
	url = {https://ccco.desire2learn.com/d2l/common/popup/popup.d2l?ou=2828527&queryString=ou%3D2828527%26postId%3D43753302%26topicId%3D2201292%26isPopup%3D1%26actId%3D0%26viewIsPoppedOut%3DTrue&footerMsg=&buttonOffset=0&popBodySrc=/d2l/lms/discussions/messageLists/message_preview.d2l&width=900&height=855&hasStatusBar=false&hasAutoScroll=true&hasHiddenHeader=false&p=d2l_cntl_542e890cbc8541289512769a840204e9_1},
	titleaddon = {Module 5 Discussion 2},
	type = {Academic},
	author = {Hellwig, Ashton},
	urldate = {2020-12-08},
	date = {2020-12-07},
}